
@report{oecdStateOwnedEnterprisesPrinciple2010,
  type = {OECD Competition Law and Policy Working Papers},
  title = {State-{{Owned Enterprises}} and the {{Principle}} of {{Competitive Neutrality}}: {{Key}} Findings, Summary and Notes},
  shorttitle = {State-{{Owned Enterprises}} and the {{Principle}} of {{Competitive Neutrality}}},
  author = {OECD},
  date = {2010-09-20},
  series = {{{OECD Competition Law}} and {{Policy Working Papers}}},
  volume = {106},
  number = {106},
  institution = {OECD Publishing},
  location = {Paris},
  doi = {10.1787/c4130f9e-en},
  url = {https://www.oecd-ilibrary.org/finance-and-investment/state-owned-enterprises-and-the-principle-of-competitive-neutrality_c4130f9e-en},
  urldate = {2024-11-28},
  langid = {english},
  file = {C:\Users\DELL\Zotero\storage\N5MDPHAX\2010_state-owned_enterprises_and_the_principle_of_competitive_neutrality_k.pdf}
}

@jurisdiction{toffoliRecursoExtraordinario6270512014,
  title = {Recurso Extraordinário 627.051 PE},
  author = {Toffoli, Min Dias},
  date = {2014-11-12},
  number = {627051},
  institution = {Supremo Tribunal Federal},
  langid = {portuguese},
  file = {C\:\\Users\\DELL\\Zotero\\storage\\3BF5Y4S3\\stf_re627051_vol2.pdf;C\:\\Users\\DELL\\Zotero\\storage\\5XKXGPZL\\toffoli12112014_plenário_recurso_extraordinário_627.051_pernambuco.pdf;C\:\\Users\\DELL\\Zotero\\storage\\7L6HIG3P\\stf_re627051_vol3.pdf;C\:\\Users\\DELL\\Zotero\\storage\\QWFJ6ARD\\stf_re627051_vol1.pdf;C\:\\Users\\DELL\\Zotero\\storage\\YH8GU537\\stf_re627051_amicus_sefazsp.pdf}
}

