@jurisdiction{toffoliRecursoExtraordinario6270512014,
  title = {Recurso Extraordinário 627.051 PE},
  author = {Toffoli, Min Dias},
  date = {2014-11-12},
  number = {627051},
  institution = {Supremo Tribunal Federal},
  langid = {portuguese},
  file = {C\:\\Users\\DELL\\Zotero\\storage\\3BF5Y4S3\\stf_re627051_vol2.pdf;C\:\\Users\\DELL\\Zotero\\storage\\5XKXGPZL\\toffoli12112014_plenário_recurso_extraordinário_627.051_pernambuco.pdf;C\:\\Users\\DELL\\Zotero\\storage\\7L6HIG3P\\stf_re627051_vol3.pdf;C\:\\Users\\DELL\\Zotero\\storage\\QWFJ6ARD\\stf_re627051_vol1.pdf;C\:\\Users\\DELL\\Zotero\\storage\\YH8GU537\\stf_re627051_amicus_sefazsp.pdf}
}
