
@article{jackRiskSharingTransactions2014,
	title = {Risk Sharing and Transactions Costs: Evidence from Kenya's Mobile Money Revolution},
	author = {Jack, William and Suri, Tavneet},
	year = {2014},
	month = {01},
	date = {2014-01},
	journal = {American Economic Review},
	pages = {183--223},
	volume = {104},
	number = {1},
	doi = {10.1257/aer.104.1.183},
	url = {https://www.aeaweb.org/articles?id=10.1257/aer.104.1.183},
	langid = {en}
}

@article{batemanFintechNewPanacea2019,
	title = {Is fin-tech the new panacea for poverty alleviation and local development? Contesting Suri and Jack{\textquoteright}s M-Pesa findings published in {\emph{Science}}},
	author = {Bateman, Milford and Duvendack, Maren and Loubere, Nicholas},
	year = {2019},
	month = {07},
	date = {2019-07-03},
	journal = {Review of African Political Economy},
	pages = {480},
	volume = {46},
	doi = {10.1080/03056244.2019.1614552},
	url = {https://www.scienceopen.com/hosted-document?doi=10.1080/03056244.2019.1614552},
	note = {Publisher: Review of African Political Economy}
}
