
@article{chalhub2003,
	title = {Função Social da Propriedade},
	author = {Chalhub, Melhim Namem},
	year = {2003},
	date = {2003},
	journal = {Revista da EMERJ},
	volume = {6},
	number = {24},
	langid = {pt}
}
